<record><leader>00000cas a2200000 a 4500</leader><controlfield tag="001">74323544</controlfield><controlfield tag="008">061025d197119uucauwr ne      0    0eng c</controlfield><datafield ind1=" " ind2=" " tag="010"><subfield code="a">sn2006060136</subfield></datafield><datafield ind1=" " ind2=" " tag="040"><subfield code="a">CNK</subfield><subfield code="b">eng</subfield><subfield code="c">CNK</subfield><subfield code="d">CNK</subfield><subfield code="d">OCLCQ</subfield><subfield code="d">OCLCF</subfield><subfield code="d">OCLCO</subfield></datafield><datafield ind1="1" ind2=" " tag="029"><subfield code="a">AU@</subfield><subfield code="b">000041015528</subfield></datafield><datafield ind1=" " ind2=" " tag="042"><subfield code="a">pcc</subfield></datafield><datafield ind1=" " ind2=" " tag="043"><subfield code="a">n-us-ca</subfield></datafield><datafield ind1="0" ind2="0" tag="245"><subfield code="a">Sun shopper.</subfield></datafield><datafield ind1=" " ind2=" " tag="260"><subfield code="a">Coachella, Ca. :</subfield><subfield code="b">Coachella Valley Sun</subfield></datafield><datafield ind1=" " ind2=" " tag="300"><subfield code="a">v.</subfield></datafield><datafield ind1=" " ind2=" " tag="310"><subfield code="a">Weekly</subfield></datafield><datafield ind1="0" ind2=" " tag="362"><subfield code="a">Vol. 1, no. 1 (Sept. 2, 1971)-v. 1, no. 5 (Sept. 30, 1971); v. 1, no. 6 (Apr. 27, 1972)-</subfield></datafield><datafield ind1=" " ind2=" " tag="515"><subfield code="a">Publication suspended with Sept. 30, 1971 issue; resumed with Apr. 27, 1972 issue.</subfield></datafield><datafield ind1=" " ind2=" " tag="530"><subfield code="a">Master negatives are available for duplication from:</subfield><subfield code="b">California Newspaper Microfilm Archive;</subfield><subfield code="c">positive copies may be purchased by the reel; for further information consult the CNMA at:</subfield><subfield code="u">http://cbsr.ucr.edu</subfield></datafield><datafield ind1=" " ind2="0" tag="651"><subfield code="a">Coachella (Calif.)</subfield><subfield code="v">Newspapers.</subfield></datafield><datafield ind1=" " ind2="7" tag="655"><subfield code="a">Newspapers.</subfield><subfield code="2">fast</subfield><subfield code="0">(OCoLC)fst01423814</subfield></datafield><datafield ind1=" " ind2="7" tag="651"><subfield code="a">California</subfield><subfield code="z">Coachella.</subfield><subfield code="2">fast</subfield><subfield code="0">(OCoLC)fst01204507</subfield></datafield><datafield ind1=" " ind2=" " tag="752"><subfield code="a">United States</subfield><subfield code="b">California</subfield><subfield code="c">Riverside</subfield><subfield code="d">Coachella.</subfield></datafield><datafield ind1="0" ind2=" " tag="775"><subfield code="t">Coachella Valley sun (Coachella, Calif. : 1952)</subfield><subfield code="w">(DLC)sn 00060646</subfield></datafield><datafield ind1="0" ind2=" " tag="775"><subfield code="t">C.V. sun for Coachella Valley</subfield><subfield code="w">(DLC)sn 00060647</subfield></datafield></record>